<record><leader>00000cas a22000007a 4500</leader><controlfield tag="001">12772607</controlfield><controlfield tag="008">851108d18231826scuwr ne      0    0eng  </controlfield><controlfield tag="009">466</controlfield><datafield ind1=" " ind2=" " tag="010"><subfield code="a">sn 85042671 </subfield></datafield><datafield ind1=" " ind2=" " tag="040"><subfield code="a">DLC</subfield><subfield code="b">eng</subfield><subfield code="c">DLC</subfield><subfield code="d">NPX</subfield><subfield code="d">SVN</subfield><subfield code="d">DLC</subfield><subfield code="d">OCL</subfield><subfield code="d">OCLCQ</subfield><subfield code="d">OCLCO</subfield><subfield code="d">OCLCF</subfield></datafield><datafield ind1="1" ind2=" " tag="029"><subfield code="a">AU@</subfield><subfield code="b">000026225028</subfield></datafield><datafield ind1=" " ind2=" " tag="042"><subfield code="a">msc</subfield></datafield><datafield ind1=" " ind2=" " tag="043"><subfield code="a">n-us-sc</subfield></datafield><datafield ind1="0" ind2="0" tag="050"><subfield code="a">Newspaper</subfield></datafield><datafield ind1="0" ind2="0" tag="245"><subfield code="a">Cheraw intelligencer and southern register.</subfield></datafield><datafield ind1="1" ind2="3" tag="246"><subfield code="a">Cheraw intelligencer</subfield></datafield><datafield ind1=" " ind2=" " tag="260"><subfield code="a">Cheraw, S.C. :</subfield><subfield code="b">Wm. Poole, &amp; Co.</subfield></datafield><datafield ind1=" " ind2=" " tag="300"><subfield code="a">3 v. :</subfield><subfield code="b">ill. (chiefly adv.) ;</subfield><subfield code="c">52 cm.</subfield></datafield><datafield ind1=" " ind2=" " tag="310"><subfield code="a">Weekly</subfield></datafield><datafield ind1="0" ind2=" " tag="362"><subfield code="a">Vol. 1, no. 1 (June 5, 1823)-v. 3, no. 41 (Mar. 10, 1826).</subfield></datafield><datafield ind1=" " ind2=" " tag="500"><subfield code="a">Editor: James F. Conover.</subfield></datafield><datafield ind1=" " ind2=" " tag="500"><subfield code="a">Publishers: William Laurens Poole &amp; Co., 1824; James F. Conover, 1824.</subfield></datafield><datafield ind1=" " ind2=" " tag="530"><subfield code="a">Available on microfilm from the Univ. of S.C.</subfield></datafield><datafield ind1=" " ind2="0" tag="651"><subfield code="a">Chesterfield County (S.C.)</subfield><subfield code="v">Newspapers.</subfield></datafield><datafield ind1=" " ind2="7" tag="655"><subfield code="a">Newspapers.</subfield><subfield code="2">fast</subfield><subfield code="0">(OCoLC)fst01423814</subfield></datafield><datafield ind1=" " ind2="7" tag="651"><subfield code="a">South Carolina</subfield><subfield code="z">Chesterfield County.</subfield><subfield code="2">fast</subfield><subfield code="0">(OCoLC)fst01209228</subfield></datafield><datafield ind1=" " ind2=" " tag="752"><subfield code="a">United States</subfield><subfield code="b">South Carolina</subfield><subfield code="c">Chesterfield</subfield><subfield code="d">Cheraw.</subfield></datafield><datafield ind1="0" ind2="7" tag="785"><subfield code="t">Pee Dee gazette, and Cheraw advertiser</subfield><subfield code="w">(DLC)sn 85042681</subfield></datafield><datafield ind1="0" ind2="7" tag="785"><subfield code="t">Pee Dee gazette, and Cheraw intelligencer</subfield><subfield code="w">(DLC)sn 85042672</subfield></datafield></record>